@mics{simbad,
        author = {SIMBAD Astronomical Database},
        title = {{[ADM95]IRAS-6}},
        howpublished = {\url{http://simbad.u-strasbg.fr/simbad/sim-basic?Ident=[ADM95]IRAS-6&submit=SIMBAD+search}}
}


@mics{dss,
        author = {SIMBAD Astronomical Database},
        title = {{DSS2 Survey}},
        howpublished = {\url{http://archive.eso.org/dss/dss}}
}


@misc{Shtabovenko:2016sxi,
      author         = {Shtabovenko, Vladyslav and Mertig, Rolf and Orellana, Frederik},
      title          = "{New Developments in FeynCalc 9.0}",
      howpublished = {\url{http://arxiv.org/abs/1601.01167}},
      year           = "2016",
      eprint         = "1601.01167",
      archivePrefix  = "arXiv",
      primaryClass   = "hep-ph",
      reportNumber   = "TUM-EFT-71-15",
      SLACcitation   = "%%CITATION = ARXIV:1601.01167;%%"
}

@book{itzykson2012quantum,
  title={Quantum Field Theory},
  author={Itzykson, C. and Zuber, J.B.},
  isbn={9780486134697},
  series={Dover Books on Physics},
  url={https://books.google.co.uk/books?id=CxYCMNrUnTEC},
  year={2012},
  publisher={Dover Publications}
}

@book{peskin1995introduction,
  title={An Introduction to Quantum Field Theory},
  author={Peskin, M.E. and Schroeder, D.V.},
  isbn={9780201503975},
  lccn={89027170},
  series={Advanced book classics},
  url={https://books.google.co.uk/books?id=i35LALN0GosC},
  year={1995},
  publisher={Addison-Wesley Publishing Company}
}
